@book{Dummit_Foote_2004, address={New York}, 
  edition={3rd ed}, 
  title={Abstract algebra}, 
  publisher={Wiley}, 
  author={Dummit, David S. and Foote, Richard M.}, 
  year={2004} 
}

@book{Schimmerling2011-li,
  title     = "A Course on Set Theory",
  author    = "Schimmerling, Ernest",
  publisher = "Cambridge University Press",
  month     =  jul,
  year      =  2011,
  address   = "Cambridge, England"
}
